<?xml version="1.0" encoding="UTF-8"?><collection xmlns="http://www.loc.gov/MARC21/slim"><record><leader>00479nam--2200157-i-4500</leader><controlfield tag="001">000012555</controlfield><controlfield tag="002">20161230</controlfield><controlfield tag="005">20161230201029</controlfield><controlfield tag="008">060222s1000------------r-----000-0-eng-d</controlfield><datafield ind1=" " ind2=" " tag="080"><subfield code="a">514.763(076.1)</subfield></datafield><datafield ind1=" " ind2=" " tag="100"><subfield code="a">Boju, Valentin Si Popescu, Mariana</subfield></datafield><datafield ind1=" " ind2=" " tag="245"><subfield code="a">Probleme de geometria varietatilor diferentiabile</subfield></datafield><datafield ind1=" " ind2=" " tag="260"><subfield code="a">Bucuresti, Editura Tehnica, 1978. 239 P</subfield></datafield><datafield ind1=" " ind2=" " tag="490"><subfield code="a">Culegeri De Probleme De Matematica Si Fizica</subfield></datafield><datafield ind1=" " ind2=" " tag="852"><subfield code="a">45641</subfield><subfield code="c">513</subfield></datafield><datafield ind1=" " ind2=" " tag="CAT"><subfield code="a">Sys</subfield><subfield code="c">20080528</subfield><subfield code="h">105511</subfield></datafield></record></collection>